<record><leader>00000cas a2200000 a 4500</leader><controlfield tag="001">40727150</controlfield><controlfield tag="008">990203d18881889miudn n       0    0eng c</controlfield><datafield ind1=" " ind2=" " tag="010"><subfield code="a">sn 98066557 </subfield></datafield><datafield ind1=" " ind2=" " tag="040"><subfield code="a">MHN</subfield><subfield code="b">eng</subfield><subfield code="c">MHN</subfield><subfield code="d">OCL</subfield><subfield code="d">OCLCQ</subfield><subfield code="d">OCLCF</subfield><subfield code="d">OCLCO</subfield></datafield><datafield ind1="1" ind2=" " tag="029"><subfield code="a">AU@</subfield><subfield code="b">000014546321</subfield></datafield><datafield ind1=" " ind2=" " tag="042"><subfield code="a">pcc</subfield></datafield><datafield ind1=" " ind2=" " tag="043"><subfield code="a">n-us-mi</subfield></datafield><datafield ind1="0" ind2=" " tag="130"><subfield code="a">Commercial-tribune (Port Huron, Mich.)</subfield></datafield><datafield ind1="1" ind2="0" tag="245"><subfield code="a">Commercial-tribune.</subfield></datafield><datafield ind1=" " ind2=" " tag="260"><subfield code="a">Port Huron, Mich. :</subfield><subfield code="b">Huronia Pub. Co.</subfield></datafield><datafield ind1=" " ind2=" " tag="300"><subfield code="a">v.</subfield></datafield><datafield ind1=" " ind2=" " tag="310"><subfield code="a">Daily (except Sun.)</subfield></datafield><datafield ind1="0" ind2=" " tag="362"><subfield code="a">Vol. 1, no. 246 (Nov. 15, 1888)-v. 2, no. 92 (May 20, 1889).</subfield></datafield><datafield ind1=" " ind2=" " tag="580"><subfield code="a">Weekly ed.: Port Huron commercial-tribune (Port Huron, Mich. : 1888 : Weekly).</subfield></datafield><datafield ind1=" " ind2=" " tag="580"><subfield code="a">Sunday ed.: Sunday commercial (Port Huron, Mich.).</subfield></datafield><datafield ind1=" " ind2="0" tag="651"><subfield code="a">Port Huron (Mich.)</subfield><subfield code="v">Newspapers.</subfield></datafield><datafield ind1=" " ind2="0" tag="651"><subfield code="a">Saint Clair County (Mich.)</subfield><subfield code="v">Newspapers.</subfield></datafield><datafield ind1=" " ind2="7" tag="655"><subfield code="a">Newspapers.</subfield><subfield code="2">fast</subfield><subfield code="0">(OCoLC)fst01423814</subfield></datafield><datafield ind1=" " ind2="7" tag="651"><subfield code="a">Michigan</subfield><subfield code="z">Port Huron.</subfield><subfield code="2">fast</subfield><subfield code="0">(OCoLC)fst01224208</subfield></datafield><datafield ind1=" " ind2="7" tag="651"><subfield code="a">Michigan</subfield><subfield code="z">Saint Clair County.</subfield><subfield code="2">fast</subfield><subfield code="0">(OCoLC)fst01218750</subfield></datafield><datafield ind1=" " ind2=" " tag="752"><subfield code="a">United States</subfield><subfield code="b">Michigan</subfield><subfield code="c">Saint Clair</subfield><subfield code="d">Port Huron.</subfield></datafield><datafield ind1="1" ind2=" " tag="775"><subfield code="t">Port Huron commercial-tribune (Port Huron, Mich. : 1888 : Weekly)</subfield><subfield code="w">(DLC)sn 96077468</subfield><subfield code="w">(OCoLC)36168181</subfield></datafield><datafield ind1="1" ind2=" " tag="775"><subfield code="t">Sunday commercial (Port Huron, Mich.)</subfield><subfield code="w">(DLC)sn 86053950</subfield><subfield code="w">(OCoLC)14907654</subfield></datafield><datafield ind1="0" ind2="0" tag="780"><subfield code="t">Port Huron commercial-tribune (Port Huron, Mich. : 1888 : Daily)</subfield><subfield code="w">(DLC)sn 98066558</subfield><subfield code="w">(OCoLC)40727044</subfield></datafield></record>